<record><leader>00000cas a22000007a 4500</leader><controlfield tag="001">14763554</controlfield><controlfield tag="008">861118d18941925iauwr ne      0    0eng d</controlfield><datafield ind1=" " ind2=" " tag="010"><subfield code="a">sn 87057928 </subfield></datafield><datafield ind1=" " ind2=" " tag="040"><subfield code="a">INP</subfield><subfield code="b">eng</subfield><subfield code="c">INP</subfield><subfield code="d">OCLCQ</subfield></datafield><datafield ind1=" " ind2=" " tag="042"><subfield code="a">msc</subfield></datafield><datafield ind1="0" ind2="0" tag="245"><subfield code="a">Audubon Republican.</subfield></datafield><datafield ind1=" " ind2=" " tag="260"><subfield code="a">Audubon, Iowa :</subfield><subfield code="b">J.E. Griffith,</subfield><subfield code="c">1894-</subfield></datafield><datafield ind1=" " ind2=" " tag="300"><subfield code="a">v. :</subfield><subfield code="b">ill.</subfield></datafield><datafield ind1=" " ind2=" " tag="310"><subfield code="a">Weekly</subfield></datafield><datafield ind1="0" ind2=" " tag="362"><subfield code="a">Vol. 9, no. 21 (May 3, 1894)-</subfield></datafield><datafield ind1="1" ind2=" " tag="362"><subfield code="a">Ceased May 1, 1925.</subfield><subfield code="z">Cf. Bibl. of Iowa newspapers.</subfield></datafield><datafield ind1=" " ind2=" " tag="500"><subfield code="a">Publisher varies.</subfield></datafield><datafield ind1=" " ind2=" " tag="515"><subfield code="a">Numbered within the year, &lt;1922-1924&gt;.</subfield></datafield><datafield ind1=" " ind2=" " tag="752"><subfield code="a">United States</subfield><subfield code="b">Iowa</subfield><subfield code="c">Audubon</subfield><subfield code="d">Audubon.</subfield></datafield><datafield ind1="0" ind2="0" tag="780"><subfield code="t">Audubon County Republican</subfield><subfield code="w">(DLC)sn 85049838</subfield></datafield><datafield ind1="0" ind2="7" tag="785"><subfield code="t">Audubon advocate</subfield><subfield code="w">(DLC)sn 87057927</subfield><subfield code="w">(OCoLC)14763574</subfield></datafield><datafield ind1="0" ind2="7" tag="785"><subfield code="t">Advocate-Republican</subfield><subfield code="w">(DLC)sn 87057930</subfield></datafield></record>